<?xml version="1.0" encoding="UTF-8"?><collection xmlns="http://www.loc.gov/MARC21/slim"><record><leader>00572nam--2200145-i-4500</leader><controlfield tag="001">000007032</controlfield><controlfield tag="002">20161230</controlfield><controlfield tag="005">20170306182353</controlfield><controlfield tag="008">060222s1000------------r-----000-0-eng-d</controlfield><datafield ind1=" " ind2=" " tag="100"><subfield code="a">De-shalit, A</subfield></datafield><datafield ind1=" " ind2=" " tag="245"><subfield code="a">Recent developments in the core-excitation talk delivered at the XVth Annual National Conference on nuclear spectroscopy and structure of atomic nucleus, USSR Academy of Science, Minsk, Jan.25 - Feb.2, 1965 model</subfield></datafield><datafield ind1=" " ind2=" " tag="260"><subfield code="a">Rehovoth</subfield><subfield code="b">The Weismann Institute Of Science</subfield><subfield code="c">F.an</subfield></datafield><datafield ind1=" " ind2=" " tag="300"><subfield code="a">11 p.+ 1 Tab.+ 2 Fig</subfield></datafield><datafield ind1=" " ind2=" " tag="852"><subfield code="a">539.142</subfield></datafield><datafield ind1=" " ind2=" " tag="CAT"><subfield code="a">SYS</subfield><subfield code="c">20170306</subfield><subfield code="h">182353</subfield></datafield></record></collection>